% So sieht der Biblatex Eintag für eine Abschlussarbeit aus:
@thesis{ma-sebastian,
author = {Müller, Sebastian},
title = {Clear Sight in Cherenkov-Astronomy},
subtitle = {Investigations of Reflector Geometry and Mirror Alignment for the FACT-Telescope},
year = {2014},
type = {Masterarbeit},
school = {TU Dortmund}
}

@thesis{phillip,
author = {Scherer, Philipp},
title = {Nichtineare Strom-Spannungsrelation in Isolatoren},
year = {2017},
type = {Bachelorarbeit},
school={Tu Dormund},
}

% So sieht der Biblatex Eintag für eine Abschlussarbeit aus:
@thesis{dr,
author = {Großmann, Frank},
title = {Der Tunneleffekt in periodisch getriebenen Quantensystemen},
year = {1992},
type = {Dissertation},
school = {Universität Augsburg}
}

% ein Lehrbuch:
@book{kuypers,
    author = {Kuypers, Friedhelm},
    title = {Klassische Mechanik},
    year = {2010},
    publisher = {Wiley-VCH},
    series = {9. Auflage}
}

% ein Lehrbuch:
@book{schwabl,
    author = {Schwabl, Franz},
    title = {Quantenmechanik },
    subtitle = {Eine Einführung},
    year = {2007},
    publisher = {Springer},
    series = {7. Auflage}
}

@incollection{haenggi,
  author      = "Peter Hänggi",
  title       = "Driven Quantum Systems",
  editor      = "Peter Hänggi T.Dittrich",
  booktitle   = "Quantum Transport and Dissipation",
  publisher   = "Wiley-VCH",
  address     = "Weinheim",
  year        = 1998,
  pages       = "249-286",
  chapter     = 5,
}




% ein Lehrbuch:
@book{czycholl,
    author = {Czycholl, Gerd},
    title = {Theoretische Festkörperphysik},
    subtitle = {Von den klassischen Modellen zu modernen Forschungsthemen},
    year = {2000},
    publisher = {Vieweg},
    series = {1. Auflage}
}

@book{fließebach,
    author = {Fließbach, Torsten},
    title = {Elektrodynamik},
    subtitle = {Lehrbuch zur Theoretischen Physik II},
    year = {1997},
    publisher = {Spektrum Akademischer Verlag },
    adress={Heidelberg/Berlin/Oxford},
    series = {2. Auflage}
}







% Ein in einem Journal veröffentlichter Artikel (Paper):
@article{pdg,
      author         = "Beringer, J. and others",
      title          = "{Review of Particle Physics (RPP)}",
      collaboration  = "Particle Data Group",
      journal        = "Phys.Rev.",
      volume         = "D86",
      pages          = "010001",
      doi            = "10.1103/PhysRevD.86.010001",
      year           = "2012",
      SLACcitation   = "%%CITATION = PHRVA,D86,010001;%%",
}

@article{hertel,
title = "Theory of the inverse Faraday effect in metals",
journal = "Journal of Magnetism and Magnetic Materials",
volume = "303",
number = "1",
pages = "L1 - L4",
year = "2006",
note = "",
%issn = "0304-8853",
%doi = "http://dx.doi.org/10.1016/j.jmmm.2005.10.225",
%url = "http://www.sciencedirect.com/science/article/pii/S0304885305010747",
author = "Riccardo Hertel",
keywords = "Photoinduced magnetization",
keywords = "Magnetic field generation",
keywords = "Electromagnetic waves",
keywords = "Magnetization currents",
keywords = "Circular polarization"
}


@article{jackl,
  title = {Magnon Accumulation by Clocked Laser Excitation as Source of Long-Range Spin Waves in Transparent Magnetic Films},
  author = {J\"ackl, M. and Belotelov, V. I. and Akimov, I. A. and Savochkin, I. V. and Yakovlev, D. R. and Zvezdin, A. K. and Bayer, M.},
  journal = {Phys. Rev. X},
  volume = {7},
  issue = {2},
  pages = {021009},
  numpages = {8},
  year = {2017},
  month = {Apr},
  publisher = {American Physical Society},
%  doi = {10.1103/PhysRevX.7.021009},
%  url = {https://link.aps.org/doi/10.1103/PhysRevX.7.021009}
}



@article {mentink,
	Title = {Ultrafast and reversible control of the exchange interaction in Mott insulators},
	Author = {Mentink, JH and Balzer, K and Eckstein, M},
	Volume = {6},
	Year = {2015},
	Journal = {Nature communications},
	Pages = {6708},
%	ISSN = {2041-1723},
% DOI = {10.1038/ncomms7708},
%	URL = {http://europepmc.org/articles/PMC4389227},
}


@ARTICLE{einstein,
  author = {Einstein, A.},
  title = {A Generalization of the relativistic theory of Gravitation},
  journal = {Annals of Mathematics},
  year = {1945},
  volume = {46},
  pages = {578-584},
  number = {4}
  }




% eine Internet Quelle
@MANUAL{siunitx,
    title   = {siunitx - A comprehensive (SI) units package},
    url = {http://mirror.selfnet.de/tex-archive/macros/latex/contrib/siunitx/siunitx.pdf},
    date = {2013},
    author = {Wright, Joseph}
}
@MANUAL{koma,
    title   = {KOMA -Script},
    subtitle = {ein wandelbares LaTeX-Paket},
    url = {http://mirror.selfnet.de/tex-archive/macros/latex/contrib/koma-script/doc/scrguide.pdf},
    date = {2013},
    author = {Kohm, Markus and Morawski, Jens-Uwe}
}
@MANUAL{biblatex,
    title   = {The Biblatex Package},
    subtitle = {Programmable Bibliographies and Citations},
    url = {ftp://ftp.fu-berlin.de/tex/CTAN/macros/latex/contrib/biblatex/doc/biblatex.pdf},
    date = {2014},
    author = {Lehman, Philipp and others}
}
@ELECTRONIC{make,
    title   = {Gnu-Make Homepage},
    url = {http://www.gnu.org/software/make/},
    date = {2014},
}

%@ELECTRONIC{octave,
%    title   = {GNU Octave},
%    url = {https://www.gnu.org/software/octave/},
%    date = {2017},
% }
@ELECTRONIC{toolbox,
    title   = {Pep et al.\ Toolbox -- \LaTeX-Folien},
    url = {http://toolbox.pep-dortmund.org/files/archive/2014/latex.pdf},
    date = {2014},
}
@ELECTRONIC{gitbash,
    title   = {Git Bash - Download},
    url = {http://msysgit.github.io/},
    date = {2014},
}
@ELECTRONIC{pleser,
    title   = {Modern Packages for LaTeX},
    url = {http://philippleser.de/physics/latex},
    date = {2014},
    author = {Leser, Philipp}
}
@MANUAL{l2tabu,
    title   = {Das LATEX2ε-Sündenregister},
    author = {Ensenbach, Marc and Trettin, Mark},
    url = {ftp://ftp.mpi-sb.mpg.de/pub/tex/mirror/ftp.dante.de/pub/tex/info/l2tabu/german/l2tabu.pdf},
    date = {2011},
}
@ELECTRONIC{texmaker,
    title   = {Texmaker},
    subtitle =  {The universal LaTeX editor, Downloads},
    url = {http://www.xm1math.net/texmaker/download.html},
    date = {2014},
}


@article{numpy,
  author = "Oliphant, Travis E.",
  title = "{NumPy}: {Python} for Scientific Computing",
  publisher = "IEEE",
  year = "2007",
  journal = "Computing in Science \& Engineering",
  volume = "9",
  number = "3",
  pages = "10--20",
  url = "http://www.numpy.org/",
  version = "1.9.2",
}
